<?xml version="1.0" encoding="UTF-8"?><collection xmlns="http://www.loc.gov/MARC21/slim"><record><leader>00575nam--2200169-u-4500</leader><controlfield tag="001">000053044</controlfield><controlfield tag="002">20161230</controlfield><controlfield tag="005">20161230201050</controlfield><controlfield tag="008">110103s1000------------r-----000-0-eng-d</controlfield><datafield ind1=" " ind2=" " tag="040"><subfield code="a">IFIN-HH</subfield></datafield><datafield ind1=" " ind2=" " tag="080"><subfield code="a">538.95:538.911(063)</subfield></datafield><datafield ind1="1" ind2=" " tag="100"><subfield code="a">Murch, G.E</subfield></datafield><datafield ind1="1" ind2="0" tag="245"><subfield code="a">Diffusion in solids</subfield><subfield code="b">Proceedings of the indo-us binational workshop held in bombay, january 9-12,1984</subfield><subfield code="c">G.E. MURCH (Editor-en-Chief)</subfield></datafield><datafield ind1=" " ind2=" " tag="260"><subfield code="a">Aedemannsdorf, Switzerland</subfield><subfield code="b">Trans Tech Publications</subfield><subfield code="c">1984</subfield></datafield><datafield ind1=" " ind2=" " tag="490"><subfield code="a">Materials Science Forum</subfield><subfield code="v">Volume 1</subfield></datafield><datafield ind1=" " ind2=" " tag="852"><subfield code="a">80970</subfield><subfield code="c">538.9</subfield></datafield><datafield ind1=" " ind2=" " tag="CAT"><subfield code="a">Sys</subfield><subfield code="c">20110103</subfield><subfield code="h">154847</subfield></datafield></record></collection>